@book{AbSt72,
        Address = {Washington, DC, USA},
        Booktitle = {Handbook of Mathematical Functions},
        Editor = {M. Abramowitz and I. A. Stegun},
        Publisher = {National Bureau of Standards},
        Title = {Handbook of Mathematical Functions},
        Year = {1972}}

@ARTICLE{DeHo98b,
  author = {M. Deserno and C. Holm},
  title = {How to mesh up {E}wald sums. {II. A}n accurate error estimate for
        the {P}article-{P}article-{P}article-{M}esh algorithm},
  journal = {J. Chem. Phys.},
  year = {1998},
  volume = {109},
  pages = {7694 -- 7701},
}

@ARTICLE{DeHo98a,
  author = {M. Deserno and C. Holm},
  title = {How to mesh up {E}wald sums. {I. A} theoretical and numerical comparison
        of various particle mesh routines},
  journal = {J. Chem. Phys.},
  year = {1998},
  volume = {109},
  pages = {7678 -- 7693},
}

@article{HeLa06,
        Author = {Fredrik Hedman and Aatto Laaksonen},
        Journal = {Chem. Phys. Lett.},
        Pages = {142 -- 147},
        Title = {Ewald summation based on nonuniform fast {F}ourier transform},
        Volume = {425},
        Year = {2006}}

@INPROCEEDINGS{Sut06,
        author = {Sutmann, Godehard},
        editor = {Grotendorst, Johannes and Bl{\"{u}}gel, S. and Marx, Dominik},
         month = feb,
         title = {Molecular Dynamics - Vision and Reality},
     booktitle = {Computational Nanoscience: Do It Yourself!},
        series = {NIC Series},
        volume = {31},
          year = {2006},
         pages = {159 -- 194},
     publisher = {John von Neumann Institute for Computing},
  organization = {Forschungszentrum J{\"{u}}lich},
       address = {J{\"{u}}lich},
          note = {Lecture Notes},
          isbn = {3-00-017350-1},
abstracturl = {/jsc/docs/autoren2006/sutmann2}
}

@Book{FrSm02,
author = {Daan Frenkel and Berend Smit},
title = {Understanding molecular simulation: From algorithms to applications},
publisher = {Academic Press},
year = {2002},
}

@article{kolafa92a,
  author =        {Jiri Kolafa and John W. Perram},
  journal =       {Mol. Simul.},
  number =        {5},
  pages =         {351--368},
  title =         {Cutoff errors in the {E}wald summation formulae for
                   point charge systems},
  volume =        {9},
  year =          {1992},
  abstract =      {Very accurate error formulas for the real and
                   reciprocal space contribution to the rms error in the
                   forces and energy calculated in the Ewald summation
                   are derived. These formulas can be used to accurately
                   tune the Ewald sum to its maximally obtainable
                   accuracy. Also they provide a prior knowledge of the
                   expected accuracy. The derivation assumes a random
                   particle distribution.},
  url =           {http://www.icpf.cas.cz/jiri/papers/ewalderr/default.htm},
}

@inproceedings{Pi10,
  address = {Schwetzingen, Germany},
  author = {Pippig, Michael},
  booktitle = {Competence in High Performance Computing},
  editor = {Bischof, Christian and Hegering, Heinz-Gerd and Nagel, Wolfgang E. and Wittum, Gabriel},
  month = jun,
  pages = {125 -- 134},
  publisher = {Springer},
  title = {{An Efficient and Flexible Parallel FFT Implementation Based on FFTW}},
  url = {http://www.springerlink.com/content/978-3-642-24025-6},
  year = {2010}
}

@inproceedings{PiPo10,
  address = {J\"{u}lich},
  author = {Pippig, Michael and Potts, Daniel},
  booktitle = {Fast Methods for Long-Range Interactions in Complex Systems},
  edition = {6},
  editor = {Sutmann, Godehard and Gibbon, Paul and Lippert, Thomas},
  isbn = {9783893367146},
  pages = {131 -- 158},
  publisher = {Forschungszentrum J\"{u}lich},
  series = {IAS-Series},
  title = {{Particle simulation based on nonequispaced fast Fourier transforms}},
  url = {http://hdl.handle.net/2128/4441},
  year = {2011}
}

@Article{wong97a,
  author = 	 {Tien-Tsin Wong and Wai-Shing Luk and Pheng-Ann Heng},
  title = 	 {{S}ampling with {H}ammersley and {H}alton {P}oints},
  journal = 	 {Journal of graphics tools},
  year = 	 1997,
  volume = 	 2,
  number = 	 2,
  pages = 	 {9--24}}
}

@Misc{hammersley,
  title = 	 {{HAMMERSLEY} -- {T}he {H}ammersley {Q}uasirandom {S}equence},
  url={http://people.scs.fsu.edu/~burkardt/cpp_src/hammersley/hammersley.html}
}

@Misc{pkg-package,
  title = {pkg-config man page},
  note={linux manual page for pkg-package tool},
  url={http://linux.die.net/man/1/pkg-config}
}

@Book{fortran-handbook,
 title = {{T}he {F}ortran 2003 {H}andbook - {T}he {C}omplete {S}yntax, {F}eatures and {P}rocedures},
 publisher = {Springer Science+Business Media},
 year = {2009},
 ALTALTauthor = {Jeanne C. Adams and Walter S. Brainerd and Richard A. Hendrickson and Richard E. Maine and Jeanne T. Martin and Brain T. Smith},
 ALTALTeditor = {},
 OPTkey = {},
 OPTvolume = {},
 OPTnumber = {},
 OPTseries = {},
 OPTaddress = {},
 OPTedition = {},
 OPTmonth = {},
 OPTnote = {},
 OPTannote = {},
 OPTurl = {},
 OPTdoi = {10.1007/978-1-84628-746-6},
 OPTissn = {},
 OPTlocalfile = {},
 OPTabstracts = {},
}

